article{art1,
    author = "",
    title = "",
    journal = "",
    volume = "",
    number = "",
    pages = "",
    year = "",
    month = ""
}